@misc{wikipedia_microcontroller,
  title        = {Microcontroller},
  howpublished = {\url{https://en.wikipedia.org/wiki/Microcontroller}},
  note         = {Último acceso: 12/2023},
  year         = 2023,
  author       = {Wikipedia}
}

@article{semiengineering_evolution_mcu,
  title        = {Evolution Of The MCU},
  author       = {Sperling, Ed},
  year         = 2023,
  journal      = {Semiconductor Engineering},
  howpublished = {\url{https://semiengineering.com/evolution-of-the-mcu/}},
  note         = {Último acceso: 12/2023}
}

@misc{qtio_microcontrollers,
  title        = {Embedded Software Programming Languages: Pros, Cons, and Comparisons of Popular Languages},
  howpublished = {\url{https://www.qt.io}},
  note         = {Último acceso: 12/2023},
  year         = 2023
}

@article{allaboutcircuits_microcontrollers,
  title        = {Programming Languages for Embedded Systems 101: Background and Resources},
  year         = 2023,
  journal      = {All About Circuits},
  howpublished = {\url{https://www.allaboutcircuits.com}},
  note         = {Último acceso: 12/2023}
}

@misc{wevolver_microcontrollers,
  title        = {Microcontroller Programming: Mastering the Foundation of Embedded Systems},
  howpublished = {\url{https://www.wevolver.com}},
  note         = {Último acceso: 12/2023},
  year         = 2023
}

@article{solwit_future_embedded_systems,
  title        = {The future of embedded systems for 2023 - forecasts and trends},
  author       = {Piotr Strzałkowski},
  year         = 2023,
  journal      = {Blog Solwit},
  howpublished = {\url{https://solwit.com}},
  note         = {Último acceso: 12/2023}
}

@article{engineersgarage_microcontrollers_2023,
  title        = {What to expect from microcontrollers in 2023},
  year         = 2023,
  journal      = {Engineers Garage},
  howpublished = {\url{https://www.engineersgarage.com}},
  note         = {Último acceso: 12/2023}
}
